<record><leader>00000cas a22000007i 4500</leader><controlfield tag="001">792808026</controlfield><controlfield tag="006">m     o  d        </controlfield><controlfield tag="007">cr un|||||||||</controlfield><controlfield tag="007">cr cn||||||mdp</controlfield><controlfield tag="007">cr cn||||||mda</controlfield><controlfield tag="008">120501d18881918mauwr neo     0   a0eng  </controlfield><datafield ind1=" " ind2=" " tag="010"><subfield code="a">  2016203377</subfield></datafield><datafield ind1=" " ind2=" " tag="040"><subfield code="a">BXM</subfield><subfield code="b">eng</subfield><subfield code="e">rda</subfield><subfield code="c">BXM</subfield><subfield code="d">BXM</subfield><subfield code="d">OCLCQ</subfield><subfield code="d">OCLCO</subfield><subfield code="d">BXM</subfield><subfield code="d">CSJ</subfield><subfield code="d">BXM</subfield><subfield code="d">OCLCF</subfield><subfield code="d">OCLCO</subfield><subfield code="d">DLC</subfield><subfield code="d">OCLCQ</subfield><subfield code="d">VT2</subfield><subfield code="d">OCLCA</subfield><subfield code="d">OCL</subfield><subfield code="d">OCLCA</subfield><subfield code="d">OCL</subfield></datafield><datafield ind1=" " ind2=" " tag="012"><subfield code="l">1</subfield></datafield><datafield ind1=" " ind2=" " tag="019"><subfield code="a">961845669</subfield><subfield code="a">967622049</subfield><subfield code="a">993489472</subfield><subfield code="a">1002906909</subfield></datafield><datafield ind1=" " ind2=" " tag="022"><subfield code="a">2473-6716</subfield><subfield code="2">1</subfield></datafield><datafield ind1=" " ind2=" " tag="042"><subfield code="a">pcc</subfield><subfield code="a">nsdp</subfield><subfield code="a">dlr</subfield></datafield><datafield ind1=" " ind2=" " tag="043"><subfield code="a">n-usn--</subfield></datafield><datafield ind1="0" ind2="0" tag="050"><subfield code="a">BX801</subfield></datafield><datafield ind1="0" ind2=" " tag="082"><subfield code="a">282/.05</subfield></datafield><datafield ind1=" " ind2="4" tag="222"><subfield code="a">The Sacred heart review</subfield><subfield code="b">(Online)</subfield></datafield><datafield ind1="0" ind2="4" tag="245"><subfield code="a">The Sacred heart review.</subfield></datafield><datafield ind1=" " ind2="1" tag="264"><subfield code="a">East Cambridge, Mass. :</subfield><subfield code="b">Review Pub. Co.,</subfield><subfield code="c">1888-1918.</subfield></datafield><datafield ind1=" " ind2=" " tag="310"><subfield code="a">Weekly</subfield></datafield><datafield ind1=" " ind2=" " tag="336"><subfield code="a">text</subfield><subfield code="b">txt</subfield><subfield code="2">rdacontent</subfield></datafield><datafield ind1=" " ind2=" " tag="337"><subfield code="a">computer</subfield><subfield code="b">c</subfield><subfield code="2">rdamedia</subfield></datafield><datafield ind1=" " ind2=" " tag="338"><subfield code="a">online resource</subfield><subfield code="b">cr</subfield><subfield code="2">rdacarrier</subfield></datafield><datafield ind1="1" ind2=" " tag="362"><subfield code="a">Began with vol. 1, no. 1 (Dec. 1, 1888); ceased with v. 59, no. 55 (Aug. 31, 1918).</subfield></datafield><datafield ind1=" " ind2=" " tag="500"><subfield code="a">Publisher varies.</subfield></datafield><datafield ind1=" " ind2=" " tag="506"><subfield code="3">Use copy</subfield><subfield code="f">No restrictions on use</subfield><subfield code="2">star</subfield><subfield code="5">MChB</subfield></datafield><datafield ind1=" " ind2=" " tag="533"><subfield code="a">Electronic reproduction.</subfield><subfield code="b">Chestnut Hill, Mass. :</subfield><subfield code="c">Boston College,</subfield><subfield code="d">2014</subfield><subfield code="5">MChB</subfield></datafield><datafield ind1=" " ind2=" " tag="538"><subfield code="a">Master and use copy. Digital master created according to Benchmark for Faithful Digital Reproductions of Monographs and Serials, Version 1. Digital Library Federation, December 2002.</subfield><subfield code="u">http://purl.oclc.org/DLF/benchrepro0212</subfield><subfield code="5">MChB</subfield></datafield><datafield ind1=" " ind2=" " tag="588"><subfield code="a">Description based on: Vol. 1, no. 1 (December 1, 1888); title from PDF caption (Boston College website, viewed on August 1, 2016).</subfield></datafield><datafield ind1=" " ind2=" " tag="588"><subfield code="a">Latest issue consulted: Volume Fifty-Nine, number thirty five (August 31, 1918) (viewed on August 1, 2016).</subfield></datafield><datafield ind1=" " ind2=" " tag="533"><subfield code="a">Electronic reproduction.</subfield><subfield code="m">Vol. 1, no. 1 (Dec. 1, 1888-v. 59, no. 55 (Aug. 31, 1918).</subfield><subfield code="b">Chestnut Hill, mass. :</subfield><subfield code="c">Boston College Libraries,</subfield><subfield code="d">2008-2011.</subfield></datafield><datafield ind1=" " ind2=" " tag="539"><subfield code="a">d</subfield><subfield code="b">1888</subfield><subfield code="c">1918</subfield><subfield code="d">mau</subfield><subfield code="e">u</subfield><subfield code="f">u</subfield><subfield code="g">o</subfield></datafield><datafield ind1="1" ind2=" " tag="583"><subfield code="a">Digitized</subfield><subfield code="c">2011</subfield><subfield code="h">Boston College University Library</subfield><subfield code="l">committed to preserve</subfield><subfield code="2">pda</subfield><subfield code="5">MChB</subfield></datafield><datafield ind1="2" ind2="0" tag="610"><subfield code="a">Catholic Church</subfield><subfield code="v">Periodicals.</subfield></datafield><datafield ind1="2" ind2="0" tag="610"><subfield code="a">Catholic Church</subfield><subfield code="z">Massachusetts</subfield><subfield code="v">Periodicals.</subfield></datafield><datafield ind1="2" ind2="0" tag="610"><subfield code="a">Catholic Church</subfield><subfield code="z">New England</subfield><subfield code="v">Periodiclas.</subfield></datafield><datafield ind1="2" ind2="7" tag="610"><subfield code="a">Catholic Church.</subfield><subfield code="2">fast</subfield><subfield code="0">(OCoLC)fst00531720</subfield></datafield><datafield ind1=" " ind2="7" tag="651"><subfield code="a">New England.</subfield><subfield code="2">fast</subfield><subfield code="0">(OCoLC)fst01241913</subfield></datafield><datafield ind1=" " ind2="7" tag="651"><subfield code="a">Massachusetts.</subfield><subfield code="2">fast</subfield><subfield code="0">(OCoLC)fst01204307</subfield></datafield><datafield ind1=" " ind2="7" tag="655"><subfield code="a">Periodicals.</subfield><subfield code="2">fast</subfield><subfield code="0">(OCoLC)fst01411641</subfield></datafield><datafield ind1=" " ind2="0" tag="655"><subfield code="a">Electronic journals.</subfield></datafield><datafield ind1="0" ind2="8" tag="776"><subfield code="i">Print version:</subfield><subfield code="t">Sacred heart review</subfield><subfield code="x">0271-7271</subfield><subfield code="w">(DLC)ca 13001857</subfield><subfield code="w">(OCoLC)5822188</subfield></datafield><datafield ind1="4" ind2="0" tag="856"><subfield code="u">http://hdl.handle.net/2345/2473-6716</subfield></datafield></record>